@article{bertucci2018biomaterial,
  title={Biomaterial engineering for controlling pluripotent stem cell fate},
  author={Bertucci, Taylor B and Dai, Guohao},
  journal={Stem cells international},
  volume={2018},
  year={2018},
  publisher={Hindawi}
}

@article{chambers2009transcriptional,
  title={The transcriptional foundation of pluripotency},
  author={Chambers, Ian and Tomlinson, Simon R},
  journal={Development},
  volume={136},
  number={14},
  pages={2311--2322},
  year={2009},
  publisher={The Company of Biologists Ltd}
}

@book{alon2019introduction,
  title={An introduction to systems biology: design principles of biological circuits},
  author={Alon, Uri},
  year={2019},
  publisher={CRC press}
}

@article{marks2017clarifying,
  title={Clarifying stem-cell therapyâ€™s benefits and risks},
  author={Marks, Peter W and Witten, Celia M and Califf, Robert M and others},
  journal={N Engl J Med},
  volume={376},
  number={11},
  pages={1007--1009},
  year={2017}
}